@ARTICLE{ReRAM_hiding,
  author={Ferdaus, Farah and Talukder, B. M. S. Bahar and Rahman, Md. Tauhidur},
  journal={IEEE Transactions on Information Forensics and Security}, 
  title={Hiding Information for Secure and Covert Data Storage in Commercial ReRAM Chips}, 
  year={2024},
  volume={19},
  number={},
  pages={3608-3619},
  doi={10.1109/TIFS.2024.3364845}}
